@article{BOPS_coop,
  title   = {Online and offline cooperation under buy-online, pick-up-in-store: Pricing and inventory decisions},
  author  = {Chen Fan and Yongmei Liu and Xuehua Yang and Xiaohong Chen and Junhua Hu},
  journal = {Journal of Industrial \& Management Optimization},
  volume  = {15},
  number  = {3},
  pages   = {1455--1472},
  year    = {2019}
}

@article{showroom,
  author  = {Mengli Li and Xumei Zhang and Bin Dan},
  title   = {Competition and cooperation in a supply chain with an offline showroom under asymmetric information},
  journal = {International Journal of Production Research},
  volume  = {58},
  number  = {19},
  pages   = {5964--5979},
  year    = {2020},
  doi     = {10.1080/00207543.2019.1661536}
}

@article{refer,
  title   = {In-Store Referrals on the {I}nternet},
  journal = {Journal of Retailing},
  volume  = {87},
  number  = {4},
  pages   = {563-578},
  year    = {2011},
  issn    = {0022-4359},
  doi     = {https://doi.org/10.1016/j.jretai.2011.09.005},
  author  = {Gangshu (George) Cai and Ying-Ju Chen}
}

@inproceedings{refer_vert,
  author    = {Ling{-}Chieh Kung and Pei{-}Yu Sun and Chien{-}Yu Huang and Wei{-}Che Lee},
  title     = {Online in-Store Referrals for Products with Vertical differentiation},
  booktitle = {20th Pacific Asia Conference on Information Systems},
  pages     = {240},
  year      = {2016}
}

@article{consumer,
  author  = {Mingming Shi and Jun Zhou and Zhou Jiang},
  title   = {Consumer heterogeneity and online vs. offline retail spatial competition},
  journal = {Frontiers of Business Research in China},
  year    = {2019},
  volume  = {13},
  number  = {1},
  pages   = {10},
  doi     = {10.1186/s11782-019-0059-9}
}

@article{BOPS_single,
  author  = {Ruixiao Kong and Li Luo and Liuxin Chen and Matthew F. Keblis},
  title   = {The effects of {BOPS} implementation under different pricing strategies in omnichannel retailing},
  journal = {Transportation Research Part E: Logistics and Transportation Review},
  volume  = {141},
  pages   = {102014},
  year    = {2020},
  doi     = {https://doi.org/10.1016/j.tre.2020.102014}
}

@article{BOPS_dual,
  author  = {Ronghui Wang and Guofang Nan and Lin Chen and Minqiang Li},
  journal = {IEEE Transactions on Engineering Management},
  title   = {Channel Integration Choices and Pricing Strategies for Competing Dual-Channel Retailers},
  year    = {2020},
  note    = {early access},
  pages   = {1-15},
  doi     = {10.1109/TEM.2020.3007347}
}