@inproceedings{twt,
author = {Tumasjan, Andranik and Sprenger, Timm and Sandner, Philipp and Welpe, Isabell},
year = {2010},
month = {01},
pages = {},
title = {Predicting Elections with Twitter: What 140 Characters Reveal about Political Sentiment},
volume = {10},
journal = {Word. Journal Of The International Linguistic Association}
}
@INPROCEEDINGS{RNN,  author={Dorle, Saurabh and Pise, Nitin},  booktitle={2018 Second International Conference on Computing Methodologies and Communication (ICCMC)},   title={Political Sentiment Analysis through Social Media},   year={2018},  volume={},  number={},  pages={869-873},  doi={10.1109/ICCMC.2018.8487879}
}
@inproceedings{svm,
    title = "On Using {T}witter to Monitor Political Sentiment and Predict Election Results",
    author = "Bermingham, Adam  and
      Smeaton, Alan",
    booktitle = "Proceedings of the Workshop on Sentiment Analysis where {AI} meets Psychology ({SAAIP} 2011)",
    month = nov,
    year = "2011",
    address = "Chiang Mai, Thailand",
    publisher = "Asian Federation of Natural Language Processing",
    url = "https://aclanthology.org/W11-3702",
    pages = "2--10",
}
@misc{embed,
      title={Using Word Embeddings in Twitter Election Classification}, 
      author={Xiao Yang and Craig Macdonald and Iadh Ounis},
      year={2017},
      eprint={1606.07006},
      archivePrefix={arXiv},
      primaryClass={cs.IR}
}
@inproceedings{emo,
author = {Qi, Zirun and Storey, Veda and Jabr, Wael},
year = {2015},
month = {12},
pages = {},
title = {Sentiment Analysis Meets Semantic Analysis: Constructing Insight Knowledge Bases}
}
https://kknews.cc/zh-tw/media/lknpkz9.html
@misc{press,
      title={美國媒體的政治傾向}, 
      author={伍治堅},
      year={2018},
      howpublished="\url{https://kknews.cc/zh-tw/media/lknpkz9.html}",
}
@misc{RRPFI,
    title={Reagan National Defense Survey},
    author={Reagan National Defense Survey},
    year={2021},
    month={December},
    howpublished="\url{https://www.reaganfoundation.org/media/358085/rndf_survey_booklet.pdf}",
}